@inbook{OPPENHEIM,
    author = "Alan V. Oppenheim and Ronald W. Schafer",
    title = "Digital Signal Processing",
    year = "1975",
    publisher = "Prentice-Hall",
    ISBN = "0-13-214635-5", 
    pages = "12"
}

@inbook{OPPENHEIM376,
    author = "Alan V. Oppenheim and Ronald W. Schafer",
    title = "Digital Signal Processing",
    year = "1975",
    publisher = "Prentice-Hall",
    ISBN = "0-13-214635-5", 
    pages = "376"
}

@misc{CARTER,
    author = "Mancini Carter and Ron Bruce",
    year = "2009",
    title = "Op Amps for Everyone",
    publisher = "Texas Instruments",
    pages = "10"
}

@misc{GENELEC,
    author = "Genelec",
    title = "Audio Test Signals",
    howpublished = {\url{https://www.genelec.com/audio-test-signals}}
}

@misc{AFIELDS,
    author = "Dennis Foley",
    title = "White Noise Definition Vs. Pink Noise",
    publisher = "Acoustic Fields",
    year = "2014",
    howpublished = {\url{https://www.acousticfields.com/white-noise-definition-vs-pink-noise/}}
}

@misc{JORDAN,
    author = "Hazem Al-Otum",
    title = "Lab 4, 5 - Introduction to FIR Filters",
    publisher = "Jordan University of Science and Technology",
    howpublished = {\url{https://www.just.edu.jo/~hazem-ot/Lab.4&5.%20FIR%20Filters.pdf}}
}

@book{EricTarr2018HAAI,
    series = {Audio Engineering Society Presents},
    publisher = {Taylor and Francis},
    isbn = {9781138497559},
    year = {2018},
    title = {Hack Audio: An Introduction to Computer Programming and Digital Signal Processing in MATLAB},
    language = {eng},
    author = {Eric Tarr},
}

@misc{Cox,
    author = {Cox, Trevor and D'Antonio, Peter},
    year = {2001},
    month = {01},
    title = {Determining optimum room dimensions for critical listening environments: A new methodology}
}

